@techreport{lehman69programming,
  author = {Lehman, M.M.},
  title  = {The Programming Process},
  year   = {1969},
  institution = {{IBM Res. Rep. RC 2722}}
}

@article{VIATRA,
 author    = {Varr\'{o}, D. and Balogh, A.},
 title     = {The model transformation language of the {VIATRA2} framework},
 journal   = {Science of Computer Programming},
 volume    = {68},
 number    = {3},
 year      = {2007},
 pages     = {187--207},
 publisher = {Elsevier North-Holland, Inc.},
 address   = {Amsterdam, The Netherlands}
}

@article{apostel60models,
   author    = {Apostel, L.},
   title     = {Towards the formal study of models in the non-formal sciences},
   journal   = {Synthese},
   publisher = {Springer Netherlands},
   pages     = {125--161},
   volume    = {12},
   issue     = {2},
   year      = {1960}
}

@article{selic05uml2,
  author    = {Selic, B.},
  title     = {What’s new in {UML} 2.0?},
  journal   = {{IBM Rational} software},
  year      = {2005}
}

@article{sendall03heart,
  author = {Sendall, S. and Kozaczynski, W.},
  title = {Model Transformation: The Heart and Soul of Model-Driven Software Development},
  journal ={IEEE Software},
  volume = {20},
  issn = {0740-7459},
  year = {2003},
  pages = {42-45},
  publisher = {IEEE Computer Society},
  address = {Los Alamitos, CA, USA},
}

@article{nentwich2003flexible,
  title   = {Flexible Consistency Checking},
  author  = {Nentwich, C., and Emmerich, W., and Finkelstein, A., and Ellmer, E.},
  journal = {ACM Transactions on Software Engineering and Methodology},
  year    = {2003},
  volume  = {12},
  number  = {1},
  pages   = {28--63},
}

@article{bezivin05unification,
  author    = {B{\'e}zivin, J.},
  title     = {On the unification power of models},
  journal   = {Software and System Modeling},
  volume    = {4},
  number    = {2},
  year      = {2005},
  pages     = {171--188},
}

@article{selic03pragmatics,
  author    = {Selic, B.},
  title     = {The Pragmatics of {Model-Driven Development}},
  journal   = {IEEE Software},
  volume    = {20},
  number    = {5},
  year      = {2003},
  pages     = {19--25},
}

@article{tratt08change,
  author    = {Tratt, L.},
  title     = {A change propagating model transformation Language},
  journal   = {Journal of Object Technology},
  volume    = {7},
  number    = {3},
  year      = {2008},
  pages     = {107--124},
}

@article{winkler09survey,
  author  = {Winkler, S. and von Pilgrim, J.},
  title   = {A survey of traceability in requirements engineering and model-driven development},
  journal = {Software and Systems Modeling},
  month   = {December},
  year    = {2009}
}

@article{lago09scoped,
  author  = {Lago, P. and Muccini, H. and van Vliet, H.},
  title   = {A scoped approach to traceability management},
  journal = {Systems and Software},
  volume  = {82},
  number  = {1},
  year    = {2009},
  pages   = {168--182},
}

@article{chen99consistency,
  author  = {Chen, J.Y.J. and Chou, S.C.},
  title   = {Consistency management in a process environment},
  journal = {Systems and Software},
  volume  = {47},
  number  = {2-3},
  year    = {1999},
  pages   = {105--110}
}

@article{cleland03eventbased,
  author  = {Cleland-Huang, J. and Chang, C.K. and Christensen, M.},
  title   = {Event-Based Traceability for Managing Evolutionary Change},
  journal = {IEEE Transactions on Software Engineering},
  volume  = {29},
  number  = {9},
  year    = {2003},
  pages   = {796--810}
}

@article{biermann06refactoring,
  author    = {Biermann, E. and Ehrig, K. and K{\"o}hler, C. and Kuhns, G. and Taentzer, G. and Weiss, E.},
  title     = {EMF Model Refactoring based on Graph Transformation Concepts},
  journal   = {ECEASST},
  volume    = {3},
  year      = {2006}
}

@article{lammel01semiautomatic,
  author    = {L{\"a}mmel, R. and Verhoef, C.},
  title     = {Semi-automatic grammar recovery},
  journal   = {Software - Practice and Experience},
  volume    = {31},
  number    = {15},
  year      = {2001},
  pages     = {1395--1438},
}

@article{klint03grammarware,
    author  = {Klint, P. and L\"{a}mmel, R. and Verhoef, C.},
    title   = {Towards an Engineering Discipline for Grammarware},
    journal = {{ACM} Transactions on Software Engineering Methodology},
    year    = {2003},
    volume  = {14},
    pages   = {331--380}
}

@article{paige07metamodel,
  author    = {Paige, R.F. and Brooke, P.J. and Ostroff, J.S.},
  title     = {Metamodel-based model conformance and multiview consistency checking},
  journal   = {ACM Transactions on Software Engineering and Methodology},
  volume    = {16},
  number    = {3},
  year      = {2007}
}

@article{czarnecki06survey,
  author    = {Czarnecki, K. and Helsen, S.},
  title     = {Feature-based survey of model transformation approaches},
  journal   = {IBM Systems Journal},
  volume    = {45},
  number    = {3},
  year      = {2006},
  pages     = {621-646},
}

@article{dmitriev04lop,
  author  = {Dmitriev, S.},
  title   = {Language Oriented Programming: The Next Programming Paradigm},
  journal = {{JetBrains onBoard} [online]},
  volume  = {1},
  year    = {2004},
  note    = {[Accessed 30 June 2008] Available at:
             \url{http://www.onboard.jetbrains.com/is1/articles/04/10/lop/}}
}

@article{griffin02usingemf,
  author  = {Griffin, C.},
  title   = {Using {EMF}},
  journal = {Eclipse Corner},
  year    = {2002},
  note    = {[Accessed 30 June 2008] Available at:
             \url{http://www.eclipse.org/articles/Article-Using%20EMF/using-emf.html}}
}

@article{watson08mdahistory,
  author  = {Watson, A.},
  title   = {A Brief History of {MDA}},
  journal = {Upgrade},
  volume  = {9},
  number  = {2},
  year    = {2008},
}

@article{cook08domainspecificide,
  author  = {Cook, S. and Kent, S.},
  title   = {The Domain-Specific {IDE}},
  journal = {Upgrade},
  volume  = {9},
  number  = {2},
  year    = {2008},
}

@article{beck89constructing,
  author  = {Beck, K. and Cunningham, W.},
  title   = {Constructing Abstractions for Object-Oriented Applications},
  journal = {Journal of Object Oriented Programming},
  volume  = {2},
  year    = {1989},
}

@article{moad90maintaining,
  author  = {Moad, J.},
  title   = {Maintaining the Competitive Edge},
  journal = {Datamation},
  volume  = {36},
  number  = {4},
  year    = {1990},
  pages   = {61--66}
}

@article{lehman78programs,
  author  = {Lehman, M.M.},
  title   = {Programs, Cities, Students - Limits to Growth?},
  journal = {Programming Methodology},
  year    = {1978},
  pages   = {42--62},
}

@article{lerner00model,
  author  = {Lerner, B.S.},
  title   = {A model for compound type changes encountered in schema evolution},
  journal = {ACM Transactions on Database Systems},
  volume  = {25},
  number  = {1},
  year    = {2000},
  pages   = {83--127},
}

@article{mcarthy78lisp,
  author  = {McCarthy, J.},
  title   = {History of {L}isp},
  journal = {History of Programming Languages},
  volume  = {1},
  pages   = {217--223},
  year    = {1978}
}

@article{lehman80understanding,
  author  = {Lehman, M.M.},
  title   = {On Understanding Laws, Evolution, and Conservation in the Large-Program Life Cycle},
  journal = {Journal of Systems and Software},
  volume  = {1},
  year    = {1980},
  pages   = {213--221}
}

@article{wallace05modular,
  author    = {Wallace, M.},
  title     = {Modular Architectural Representation and Analysis of Fault Propagation and Transformation},
  journal   = {Electronic Notes in Theoretical Computer Science},
  volume    = {141},
  number    = {3},
  year      = {2005},
  pages     = {53--71},
}

@article{edelweiss05temporal,
  author    = {Edelweiss, N. and Moreira, \'{A}.F.},
  title     = {Temporal and versioning model for schema evolution in object-oriented databases},
  journal   = {Data \& Knowledge Engineering},
  volume    = {53},
  number    = {2},
  year      = {2005},
  pages     = {99--128},
}

@article{sjoberg93quantifying,
  author  = {Sj{\o}berg, D.I.K.},
  title   = {Quantifying Schema Evolution},
  journal = {Information \& Software Technology},
  volume  = {35},
  number  = {1},
  pages   = {35--44},
  year    = {1993},
}

@article{backus78history,
  author    = {Backus, J.},
  title     = {The History of {FORTRAN} {I}, {II} and {III}},
  journal   = {History of Programming Languages},
  volume    = {1},
  pages     = {165--180},
  year      = {1978}
}

@article{bosch98patterns,
  author    = {Bosch, J.},
  title     = {Design Patterns as Language Constructs},
  journal   = {Journal of Object Oriented Programming},
  volume    = {11},
  number    = {2},
  year      = {1998},
  pages     = {18--32},
}

@article{deursen00dslbib,
  author  = {van Deursen, A. and Klint, P. and Visser, J.},
  journal = {{SIGPLAN} Notices},
  number  = {6},
  pages   = {26--36},
  title   = {Domain-Specific Languages: An Annotated Bibliography},
  volume  = {35},
  year    = {2000}
}

@article{sprinkle04domain,
  author  = {Sprinkle, J. and Karsai, G.},
  title	  = {A Domain-Specific Visual Language for Domain Model Evolution},
  journal = {Journal of Visual Languages and Computing},
  year	  = {2004},
  volume  = {15},
  number  = {3-4},
  pages	  = {291-307},
}

@article{erlikh00leveraging,
  author  = {Erlikh, L.},
  title   = {Leveraging Legacy System Dollars for E-Business},
  journal = {IT Professional},
  volume  = {2},
  number  = {3},
  year    = {2000},
  pages   = {17--23},
}

@article{steele99growing,
  author  = {Steele Jr., G.L.},
  title   = {{Growing a Language}},
  journal = {Higher-Order and Symbolic Computation},
  volume  = {12},
  number  = {3},
  pages   = {221--236},
  year    = {1999},
}

@article{mens04survey,
  author  = {Mens, T. and Tourw\'{e}, T.},
  title   = {A Survey of Software Refactoring},
  journal = {{IEEE} Transactions on Software Engineering},
  volume  = {30},
  number  = {2},
  year    = {2004},
  pages   = {126--139},
}

@article{kolovos07ewl,
  author  = {Kolovos, D.S. and Paige, R.F. and Polack, F.A.C. and Rose, L.M.},
  title   = {Update Transformations in the Small with the {Epsilon Wizard Language}},
  journal = {Journal of Object Technology},
  volume  = {6},
  number  = {9},
  year    = {2007},
  pages   = {53--69}
}

@article{ward94lop,
  author  = {Ward, M.P.},
  title   = {Language-Oriented Programming},
  journal = {Software --- Concepts and Tools},
  volume  = {15},
  number  = {4},
  pages   = {147-161},
  year    = {1994}
}

@article{dig06apis,
  author    = {Dig, D. and Johnson, R.},
  title     = {How do {API}s evolve? {A} story of refactoring},
  journal   = {Journal of Software Maintenance and Evolution},
  volume    = {18},
  number    = {2},
  year      = {2006},
  pages     = {83--107},
}

@book{feathers04working,
  title     = {Working Effectively with Legacy Code},
  author    = {Feathers, M.C.},
  publisher = {Prentice Hall},
  year      = {2004},
  address   = {Upper Saddle River, New Jersey},
}

@book{halstead77softwarescience,
  title     = {Elements of Software Science},
  author    = {Halstead, M.H.},
  publisher = {Elsevier Science Inc.},
  year      = {1977},
  address   = {New York},
}

@book{ackoff62scientific,
  title     = {Scientific Method: Optimizing Applied Research Decisions},
  author    = {Ackoff, R.L.},
  publisher = {John Wiley and Sons},
  year      = {1962},
  address   = {New York},
}

@book{jackson95software,
  title     = {Software Requirements and Specifications: A Lexicon of Practice, Principles and Prejudices},
  publisher = {ACM Press},
  year      = {1995},
  author    = {Jackson, M.},
  address   = {New York},
}

@book{starfield90model,
  title     = {How to model it: Problem Solving for the Computer Age},
  author    = {Starfield, M., and Smith, K.A., and Bleloch, A.L.},
  publisher = {McGraw-Hill Inc.},
  year      = {1990},
  address   = {New York},
}

@book{gronback09emp,
  title     = {{Eclipse Modeling Project}: A {Domain-Specific Language} (DSL) Toolkit},
  publisher = {Addison-Wesley Professional},
  year      = {2009},
  author    = {Gronback, R.C.},
  address   = {Boston, Massachusetts}
}

@book{pool97society,
  author    = {Pool, R.},
  title     = {Beyond Engineering: How Society Shapes Technology},
  year      = {1997},
  publisher = {Oxford University Press},
}

@book{martin06agile,
  author    = {Martin, R.C. and Martin, M.},
  title     = {Agile Principles, Patterns, and Practices in {C}\#},
  year      = {2006},
  publisher = {Prentice Hall},
  address   = {Upper Saddle River, NJ, USA},
}

@book{evans04domain,
  author    = {Evans, E.},
  title     = {Domain-Driven Design: Tacking Complexity In the Heart of Software},
  year      = {2004},
  publisher = {Addison-Wesley},
  address   = {Boston, Massachusetts},
}

@book{java,
  author    = {Gosling, J. and Joy, B. and Steele, G. and Bracha, G.},
  title     = {The Java\texttrademark\ Language Specification},
  year      = {2005},
  publisher = {Addison-Wesley},
  address   = {Boston, Massachusetts},
}

@book{mellor02executable,
  author    = {Mellor, S.J. and Balcer, M.},
  title     = {Executable {UML}: A Foundation for Model-Driven Architectures},
  year      = {2002},
  publisher = {Addison-Wesley Longman},
  address   = {Boston, Massachusetts},
}

@Book{Mens07,
  author  	   = {Mens, T. and Demeyer, S.},
  title				 = {Software Evolution},
  publisher    = {Springer-Verlag},
  year         = {2007},
  address      = {Berlin},
}

@book{weber04opensource,
  author    = {Weber, S.},
  title     = {The Success of Open Source},
  year      = {2004},
  publisher = {Harvard University Press},
}

@book{greenfield04software,
  author    = {Greenfield, J. and Short, K. and Cook, S. and Kent, S.},
  publisher = {John Wiley \& Sons Inc.},
  title     = {Software Factories: Assembling Applications with Patterns, Models, Frameworks, and Tools},
  year      = {2004},
  address   = {New York},
}

@book{steinberg09emf,
  author    = {Steinberg, D. and Budinsky, F. and Paternostro, M. and Merks, E.},
  title     = {{EMF}: {E}clipse {M}odeling {F}ramework},
  year      = {2008},
  publisher = {Addison-Wesley Professional},
  address   = {Boston, Massachusetts}
}

@book{lehman85program,
  author    = {Lehman, M.M.},
  title     = {Program evolution: processes of software change},
  year      = {1985},
  publisher = {Academic},
}

@book{graham93lisp,
  author    = {Graham, P.},
  title     = {On Lisp: Advanced Techniques for Common Lisp},
  year      = {1993},
  publisher = {Prentice-Hall},
  address   = {Upper Saddle River, New Jersey}
}

@book{jackson96software,
  author    = {Jackson, M.},
  title     = {Software Requirements and Specifications},
  year      = {1996},
  publisher = {Addison-Wesley and {ACM} Press},
}

@book{kelly08dsm,
  author    = {Kelly, S. and Tolvanen, J.P.},
  title     = {Domain-Specific Modelling},
  year      = {2008},
  publisher = {Wiley and IEEE Computer Society},
}

@book{sommerville06software,
  author    = {Sommerville, I.},
  title     = {Software Engineering},
  year      = {2006},
  publisher = {Addison-Wesley},
  edition   = {9th},
  address   = {Boston, Massachusetts},
}

@book{elmasri06database,
  author    = {Elmasri, R. and Navathe, S.B.},
  title     = {Fundamentals of Database Systems},
  edition   = {5th},
  year      = {2006},
  publisher = {Addison-Wesley Longman},
  address   = {Boston, Massachusetts}
}

@book{freeman04designpatterns,
  author    = {Freeman, E. and Freeman, E. and Bates, B. and Sierra, K.},
  publisher = {O'Reilly},
  title     = {Head First Design Patterns},
  year      = {2004},
}

@book{raymond01cathedral,
  title     = {The cathedral and the bazaar: musings on {Linux} and open source by an accidental revolutionary},
  author    = {Raymond, E.S.},
  publisher = {O'Reilly},
  year      = {2001},
} 

@book{rising01designpatterns,
  editor    = {Rising, L.},
  title     = {Design patterns in communications software},
  year      = {2001},
  publisher = {Cambridge University Press},
}

@book{alexander77pattern,
  author    = {Alexander, C., and Ishikawa, S., and Silverstein, M.},
  title     = {A Pattern Language: Towns, Buildings, Construction (Center for Environmental Structure Series)},
  publisher = {Oxford University Press},
  year      = {1977},
  address   = {New York},
}

@book{brown98antipatterns,
  author    = {Brown, W.J., and Malveau, R.C., and McCormick III, H.W., and Mowbray, T.J.},
  title     = {Anti Patterns},
  year      = {1998},
  publisher = {Wiley},
  address   = {New York},
}

@book{kerievsky04refactoring,
  author    = {Kerievsky, J.},
  title     = {Refactoring to Patterns},
  year      = {2004},
  publisher = {Pearson Higher Education},
}

@book{fowler99refactoring,
  title     = {Refactoring: improving the design of existing code},
  author    = {Fowler, M.},
  year      = {1999},
  publisher = {Addison-Wesley},
  address   = {Upper Saddle River, New Jersey},
}

@book{fowler10dsls,
  title     = {Domain Specific Languages},
  author    = {Fowler, M.},
  year      = {2010},
  publisher = {Addison-Wesley Professional},
  address   = {Boston, Massachusetts}
}

@book{stahl06mdsd,
  author    = {Stahl, T. and Voelter, M. and Czarnecki, K.},
  title     = {Model-Driven Software Development: Technology, Engineering, Management},
  year      = {2006},
  publisher = {Wiley},
  address   = {Chichester},
}

@book{kleppe03mda,
  author    = {Kleppe, A.G. and Warmer, J. and Bast, W.},
  title     = {MDA Explained: The Model Driven Architecture: Practice and Promise},
  year      = {2003},
  publisher = {Addison-Wesley Longman Publishing Co. Inc.},
  address   = {Boston, Massachusetts},
}

@book{frankel02mda,
  author    = {Frankel, D.},
  title     = {Model Driven Architecture: Applying MDA to Enterprise Computing},
  year      = {2002},
  publisher = {John Wiley \& Sons Inc.},
  address   = {New York},
}

@book{beydeda05mdsd,
  author    = {Beydeda, S. and Book, M. and Gruhn, V.},
  title     = {Model-Driven Software Development},
  year      = {2005},
  publisher = {Springer},
}

@book{fowler02patterns,
  author    = {Fowler, M.},
  publisher = {Addison-Wesley},
  title     = {Patterns of Enterprise Application Architecture},
  year      = {2002},
  address   = {Boston, Massachusetts}
}

@book{gamma95patterns,
  author    = {Gamma, E. and Helm, R. and Johnson, R. and Vlissides, J.},
  publisher = {Addison-Wesley},
  title     = {Design patterns: elements of reusable object-oriented software},
  year      = {1995},
  address   = {Reading, Massachusetts}
}

@book{parr07antlr,
  author    = {Parr, T.},
  publisher = {Pragmatic Programmers},
  title     = {The Definitive {ANTLR} Reference: Building Domain-Specific Languages},
  year      = {2007},
}


@inproceedings{amyot06evaluation,
  author    = {Amyot, D., and Farah, H., and Roy, J.-F.},
  title     = {Evaluation of Development Tools for Domain-Specific Modeling Languages},
  booktitle = {Proc. International Workshop on System Analysis and Modeling},
  year      = {2006},
  pages     = {183–197},
  publisher = {Springer, Heidelberg},
  series    = {LNCS},
  volume    = {4320},
  year      = {2006},
}

@inproceedings{patrascoiu04embedding,
  author    = {Patrascoiu, O. and Rodgers, P.},
  title     = {Embedding {OCL} Expressions in {YATL}},
  booktitle = {Proc. OCL and Model-Driven Engineering Workshop},
  year      = {2004},
  location  = {Lisbon, Portugal}
}

@inproceedings{heidenreich09derivation,
  author    = {Heidenreich, F. and Johannes, J. and Karol, S. and Seifert, M. and Wende, C.},
  title     = {Derivation and Refinement of Textual Syntax for Models},
  booktitle = {Proc. ECMDA-FA},
  pages     = {114-129},
  publisher = {Springer},
  series    = {LNCS},
  volume    = {5562},
  year      = {2009},
  location  = {Enschede, The Netherlands}
}

@inproceedings{bezivin01definition,
  author    = {B{\'e}zivin, J. and Gerb{\'e}, O.},
  title     = {Towards a Precise Definition of the {OMG/MDA} Framework},
  booktitle = {Proc. ASE},
  pages     = {273--280},
  publisher = {IEEE Computer Society},
  year      = {2001},
}

@inproceedings{rath08live,
  author    = {R{\'a}th, I. and Bergmann, G. and {\"O}kr{\"o}s, A. and Varr{\'o}, D.},
  title     = {Live Model Transformations Driven by Incremental Pattern Matching},
  year      = {2008},
  pages     = {107-121},
  booktitle = {Proc. ICMT},
  publisher = {Springer},
  series    = {LNCS},
  volume    = {5063},
}

@inproceedings{fritzsche08tracing,
  author    = {Fritzsche, M., and Johannes, J., and Zschaler, S., and Zherebtsov, A., and Terekhov, A.},
  title     = {Application of tracing techniques in {Model-Driven Performance Engineering}},
  year      = {2008},
  pages     = {111-120},
  booktitle = {Proc. ECMDA Traceability Workshop (ECMDA-TW)},
}
@inproceedings{porres03refactoring,
  author    = {Porres, I.},
  title     = {Model Refactorings as Rule-Based Update Transformations},
  booktitle = {Proc. UML},
  year      = {2003},
  pages     = {159--174},
  publisher = {Springer},
  series    = {LNCS},
  volume    = {2863},
  location  = {San Francisco, USA},
}

@inproceedings{moha09refactoring,
  author    = {Moha, N. and Mah{\'e}, V. and Barais, O. and J{\'e}z{\'e}quel, J.M.},
  title     = {Generic Model Refactorings},
  booktitle = {Proc. MoDELS},
  year      = {2009},
  pages     = {628-643},
  publisher = {Springer},
  series    = {LNCS},
  volume    = {5795},
  location  = {Denver, USA}
}

@inproceedings{wachsmuth07metamodel,
  author    = {Wachsmuth, G.},
  title     = {Metamodel Adaptation and Model Co-adaptation},
  booktitle = {Proc. {ECOOP}},
  year      = {2007},
  pages     = {600--624},
  location  = {Berlin, Germany},
  series    = {LNCS},
  volume    = {4609},
  publisher = {Springer}
}

@inproceedings{paige08fptc,
  author    = {Paige, R.F. and Rose, L.M. and Ge, X. and Kolovos, D.S. and Brooke, P.J.},
  title     = {{FPTC}: Automated Safety Analysis for Domain-Specific Languages},
  booktitle = {{MoDELS} Workshops and Symposia},
  pages     = {229--242},
  publisher = {Springer},
  series    = {Lecture Notes in Computer Science},
  volume    = {5421},
  year      = {2009},
  location  = {Toulouse, France},
}

@inproceedings{kolovos06ecl,
  author    = {Kolovos, D.S. and Paige, R.F. and Polack, F.A.C.},
  title     = {Model comparison: a foundation for model composition and model transformation testing},
  booktitle = {{Proc. Workshop on Global Integrated Model Management}},
  year      = {2006},
  pages     = {13--20},
  location  = {Shanghai, China},
}

@inproceedings{kolovos07eml,
  author    = {Kolovos, D.S. and Paige, R.F. and Polack, F.A.C.},
  title     = {Merging Models with the Epsilon Merging Language (EML)},
  booktitle = {Proc. MoDELS},
  year      = {2006},
  pages     = {215--229},
  publisher = {Springer},
  series    = {Lecture Notes in Computer Science},
  volume    = {4199},
  location  = {Genova, Italy},
}

@inproceedings{alvarez01mml,
  title     = {{MML} and the Metamodel Architecture},
  author    = {\'{A}lvarez, J. and Evans, A. and Sammut, P.},
  booktitle = {Proc. Workshop on Transformation in {UML}},
  year      = {2001},
  location  = {Genova, Italy},
} 

@inproceedings{pilgrim08constructing,
  author    = {von Pilgrim, J. and Vanhooff, B. and Schulz-Gerlach, I. and Berbers, Y.},
  title     = {Constructing and Visualizing Transformation Chains},
  booktitle = {Proc. European Conference on the Model Driven Architecture -- Foundations and Applications},
  year      = {2008},
  pages     = {17--32},
  series    = {LNCS},
  volume    = {5095},
  publisher = {Springer}
}

@inproceedings{scheidgen08tef,
  author    = {Scheidgen, M.},
  title     = {Textual Modelling Embedded into Graphical Modelling},
  booktitle = {Proc. European Conference on the Model Driven Architecture -- Foundations and Applications},
  year      = {2008},
  pages     = {153--168},
  series    = {LNCS},
  volume    = {5095},
  publisher = {Springer}
}

@inproceedings{cicchetti08automating,
  author    = {Cicchetti, A. and Di Ruscio, D. and Eramo, R. and Pierantonio, A.},
  title     = {Automating Co-evolution in Model-Driven Engineering},
  booktitle = {Proc. {EDOC}},
  year      = {2008},
  pages     = {222--231},
  publisher = {IEEE Computer Society}
}

@inproceedings{fuhrer07refactoring,
  author    = {Fuhrer, R.M. and Kiezun, A. and Keller, M.},
  title	    = {Refactoring in the {Eclipse JDT}: Past, Present, and Future},
  booktitle = {Proc. Workshop on Refactoring Tools},
  year	    = {2007},
  location  = {Berlin, Germany},
}

@inproceedings{aizenbud05operational,
  author    = {Aizenbud-Reshef, N. and Paige, R.F. and Rubin, J. and Shaham-Gafni, Y. and Kolovos, D.S.},
  title	    = {Operational semantics for traceability},
  booktitle = {Proc. {ECMDA-FA} Workshop on Traceability},
  pages     = {8--14},
  year	    = {2005},
  location  = {Nuremberg, Germany},
}

@inproceedings{olsen07traceability,
  author    = {Olsen, G.K. and Oldevik, J.},
  title     = {Scenarios of Traceability in Model to Text Transformations},
  booktitle = {Proc. ECMDA-FA},
  year      = {2007},
  pages     = {144--156},
  publisher = {Springer},
  series    = {Lecture Notes in Computer Science},
  volume    = {4530},
}

@inproceedings{costa2007rtmdd,
  author    = {Costa, M. and da Silva, A.R.},
  title	    = {{RT-MDD} framework -- a practical approach},
  booktitle = {Proc. {ECMDA-FA} Workshop on Traceability},
  pages     = {17--26},
  year	    = {2007},
  location  = {Haifa, Israel},
}

@inproceedings{mader08rule,
  author    = {M\"{a}der, P. and Gotel, O. and Philippow, I.},
  title	    = {Rule-based maintenance of post-requirements traceability relations.},
  booktitle = {Proc. {IEEE} International Requirements Engineering Conference (RE)},
  pages     = {23--32},
  year	    = {2008},
  location  = {Barcelona, Spain},
}

@inproceedings{jouault05loosely,
  author    = {Jouault, F.},
  title	    = {Loosely Coupled Traceability for {ATL}},
  booktitle = {Proc. {ECMDA-FA} Workshop on Traceability},
  year	    = {2005},
  location  = {Nuernberg, Germany},
}

@inproceedings{jouault05transforming,
  author    = {Jouault, F. and Kurtev, I.},
  title     = {Transforming Models with {ATL}},
  booktitle = {Proc. Satellite Events at the International Conference on Model Driven Engineering Languages and Systems},
  year      = {2005},
  series    = {LNCS},
  volume    = {3844},
  publisher = {Springer},
  location  = {Jamaica},
  pages     = {128-138},
}

@inproceedings{drivalos08rigorously,
  author    = {Drivalos, N. and Paige, R.F. and Fernandes, K.J. and Kolovos, D.S.},
  title	    = {Towards Rigorously Defined Model-to-Model Traceability},
  booktitle = {Proc. European Conference on the Model Driven Architecture Workshop on Traceability},
  year	    = {2008},
  location  = {Berlin, Germany},
}

@inproceedings{kolovos08etl,
  author    = {Kolovos, D.S. and Paige, R.F. and Polack, F.A.C},
  title     = {{The Epsilon Transformation Language}},
  booktitle = {Proc. {ICMT}},
  year      = {2008},
  pages     = {46-60},
  series    = {LNCS},
  volume    = {5063},
  publisher = {Springer},
  location  = {Z{\"u}rich, Switzerland},
}

@inproceedings{kolovos08scalability,
  author    = {Kolovos, D.S. and Paige, R.F. and Polack, F.A.C.},
  title	    = {Scalability : The Holy Grail of Model Driven Engineering},
  booktitle = {Proc. Workshop on Challenges in Model Driven Engineering},
  year	    = {2008},
  location  = {Toulouse, France},
}

@inproceedings{briand03impactanalysis,
  author    = {Briand, L.C. and Labiche, Y. and O'Sullivan, L.},
  title     = {Impact Analysis and Change Management of UML Models},
  booktitle = {Proc. International Conference on Software Maintenance (ICSM)},
  year      = {2003},
  pages     = {256--265},
  publisher = {IEEE Computer Society},
}

@inproceedings{bohner02impactanalysis,
  author    = {Bohner, S.A.},
  title     = {Software Change Impacts - An Evolving Perspective},
  booktitle = {Proc. International Conference on Software Maintenance (ICSM)},
  year      = {2002},
  pages     = {263--272},
  publisher = {IEEE Computer Society},
}


@inproceedings{mens07modelrefactoring,
  author    = {Mens, T. and Taentzer, G. and M\"{u}ller, D.},
  title	    = {Challenges in Model Refactoring},
  booktitle = {Proc. Workshop on Object-Oriented Reengineering},
  year	    = {2007},
  location  = {Berlin, Germany},
}

@inproceedings{nguyen05versioning,
  author    = {Nguyen, T.N. and Thao, C. and Munson, E.V.},
  title     = {On product versioning for hypertexts},
  booktitle = {Proc. International Workshop on Software Configuration Management (SCM)},
  pages     = {113-132},
  publisher = {ACM},
  year      = {2005},
}

@inproceedings{herrmannsdoerfer10extensive,
 title     = {An Extensive Catalog of Operators for the Coupled Evolution of Metamodels and Models},
 author    = {Herrmannsdoerfer, M. and Vermolen, S. and Wachsmuth, G.},
 booktitle = {Proc. {SLE}},
 publisher = {Springer},
 volume    = {TBC},
 series    = {LNCS},
 year      = {2010},
 pages     = {TBC},
 location  = {Eindhoven, The Netherlands},
}

@inproceedings{herrmannsdoerfer09cope,
 title     = {{COPE} - Automating Coupled Evolution of Metamodels and Models},
 author    = {Herrmannsdoerfer, M. and Benz, S. and Juergens, E.},
 booktitle = {Proc. {ECOOP}},
 publisher = {Springer},
 volume    = {5653},
 series    = {LNCS},
 year      = {2009},
 pages     = {52-76},
 location  = {Genova, Italy},
}

@inproceedings{herrmannsdoerfer08cope,
  author    = {Herrmannsdoerfer, M. and Benz, S. and Juergens, E.},
  title	    = {{COPE}: A Language for the Coupled Evolution of Metamodels and Models},
  booktitle = {Proc. Workshop on Model Co-Evolution and Consistency Management},
  year	    = {2008},
  location  = {Toulouse, France},
}

@inproceedings{herrmannsdoerfer08automatability,
  author    = {Herrmannsdoerfer, M. and Benz, S. and Juergens, E.},
  title     = {Automatability of Coupled Evolution of Metamodels and Models
               in Practice},
  booktitle = {Proc. International Conference on Model Driven Engineering Languages and Systems},
  year      = {2008},
  series    = {LNCS},
  volume    = {5301},
  publisher = {Springer},
  location  = {Toulouse, France},
  pages     = {645-659},
}

@inproceedings{garces09managing,
  author    = {Garc{\'e}s, K. and Jouault, F. and Cointe, P. and B{\'e}zivin, J.},
  title     = {Managing Model Adaptation by Precise Detection of Metamodel Changes},
  booktitle = {Proc. ECMDA-FA},
  year      = {2009},
  series    = {LNCS},
  volume    = {5562},
  pages     = {34-49},
  publisher = {Springer},
  location  = {Enschede, The Netherlands},
}

@inproceedings{deursen07mdse,
  author    = {van Deursen, A. and Visser, E. and Warmer, J.},
  title	    = {Model-Driven Software Evolution: A Research Agenda},
  booktitle = {Proc. Workshop on Model-Driven Software Evolution},
  year	    = {2007},
  pages	    = {41--49},
  location  = {Amsterdam, The Netherlands},
}

@inproceedings{banerjee87semantics,
  author    = {Banerjee, J. and Kim, W. and Kim, H. and Korth, H.F.},
  title     = {Semantics and implementation of schema evolution in object-oriented databases},
  booktitle = {Proc. Special Interest Group on Management of Data},
  year      = {1987},
  pages     = {311--322},
  location  = {San Francisco, California, United States},
  volume    = {16},
  number    = {3},
  publisher = {ACM}
}

@inproceedings{lehman96laws,
  author    = {Lehman, M.M.},
  title     = {Laws of Software Evolution Revisited},
  booktitle = {Proc. European Workshop on Software Process Technology},
  year      = {1996},
  pages     = {108--124},
  location  = {Nancy, France}
}

@inproceedings{ramil00cost,
  author    = {Ramil, J.F. and Lehman, M.M.},
  title     = {Cost Estimation and Evolvability Monitoring for Software Evolution Processes},
  booktitle = {Proc. Workshop on Empirical Studies of Software Maintenance},
  year      = {2000},
  location  = {San Jose, California, United States},
}

@inproceedings{cervelle06tatoo,
  author    = {Cervelle, J. and Forax, R. and Roussel, G.},
  title     = {Tatoo: an innovative parser generator},
  booktitle = {Principles and Practice of Programming in Java},
  year      = {2006},
  pages     = {13--20},
  location  = {Mannheim, Germany},
  publisher = {ACM},
}

@inproceedings{guerrini05impact,
  author    = {Guerrini, G. and Mesiti, M. and Rossi, D.},
  title     = {Impact of {XML} schema evolution on valid documents},
  booktitle = {Proc. Workshop on Web Information and Data Management},
  year      = {2005},
  pages     = {39--44},
  location  = {Bremen, Germany},
}

@inproceedings{ferrandina95schema,
  author    = {Ferrandina, F. and Meyer, T. and Zicari, R. and Ferran, G. and Madec, J.},
  title     = {Schema and Database Evolution in the {O2} Object Database System},
  booktitle = {Very Large Data Bases},
  year      = {1995},
  pages     = {170--181},
  location  = {Zurich, Switzerland},
  publisher = {Morgan Kaufmann},
}

@inproceedings{hearnden06incremental,
  author    = {Hearnden, D. and Lawley, M. and Raymond, K.},
  title     = {Incremental Model Transformation for the Evolution of Model-Driven Systems},
  booktitle = {Model Driven Engineering Languages and Systems},
  year      = {2006},
  pages     = {321--335},
  series    = {LNCS},
  volume    = {4199},
  publisher = {Springer}
}

@inproceedings{kataoka01automated,
   author    = {Kataoka, Y. and Ernst, M.D. and Griswold, W.G. and Notkin, D.},
   title     = {Automated support for program refactoring using invariants},
   booktitle = {Proc. International Conference on Software Maintenance},
   pages     = {736--743},
   location  = {Florence, Italy},
   year      = {2001},
   publisher = {IEEE Computer Society},
}

@inproceedings{oldevik05toward,
  author    = {Oldevik, J. and Neple, T. and Gr{\o}nmo, R. and Aagedal, J.{\O}. and Berre, A.},
  title     = {Toward Standardised Model to Text Transformations},
  booktitle = {Proc. {ECMDA-FA}},
  year      = {2005},
  pages     = {239--253},
  location  = {Nuremberg, Germany},
  publisher = {Springer},
  series    = {LNCS},
  volume    = {3748},
}

@inproceedings{kolovos08evl,
  author    = {Kolovos, D.S. and Paige, R.F. and Polack, F.A.C},
  title     = {On the Evolution of {OCL} for Capturing Structural Constraints in Modelling Languages},
  booktitle = {Proc. Workshop on Rigorous Methods for Software Construction and Analysis},
  year      = {2008},
  location  = {Dagstuhl, Germany}
}

@inproceedings{balazinska00advanced,
  author    = {Balazinska, M. and Merlo, E. and Dagenais, M. and Lag\"{u}e, B. and Kontogiannis, K.},
  title     = {Advanced Clone-Analysis to Support Object-Oriented System Refactoring},
  booktitle = {Proc. Working Conference on Reverse Engineering},
  year      = {2000},
  pages     = {98--107},
  location  = {Brisbane, Australia},
  publisher = {IEEE Computer Society},
}

@inproceedings{ducasse99language,
  author     = {Ducasse, S. and Rieger, M. and Demeyer, S.},
  title      = {A Language Independent Approach for Detecting Duplicated Code},
  booktitle  = {Proc. International Conference on Software Maintenance},
  year       = {1999},
  pages      = {109--118},
  location   = {Oxford, England, UK},
  publisher = {IEEE Computer Society},
}

@inproceedings{kolovos07ewlgmf,
  author    = {Kolovos, D.S. and Paige, R.F. and Rose, L.M. and Polack, F.A.C},
  title     = {Bridging the {Epsilon Wizard Language} and the {Eclipse Graphical Modeling Framework}},
  booktitle = {Proc. Eclipse Summit},
  year      = {2007},
  address   = {Ludwigsburg, Germany}
}

@inproceedings{gronback06gmf,
  author    = {Gronback, R.},
  title     = {Introduction to the {Eclipse Graphical Modeling Framework}},
  booktitle = {Proc. EclipseCon},
  year      = {2006},
  address   = {Santa Clara, California}
}

@inproceedings{kolovos06epsilondt,
  author    = {Kolovos, D.S. and Paige, R.F. and Polack, F.A.C.},
  title     = {Epsilon Development Tools for Eclipse},
  booktitle = {Proc. Eclipse Summit},
  year      = {2006},
  address   = {Esslingen, Germany}
}

@inproceedings{gruschko07towards,
  author    = {Gruschko, B. and Kolovos, D.S. and Paige, R.F.},
  title     = {Towards Synchronizing Models with Evolving Metamodels},
  booktitle = {Proc. Workshop on Model-Driven Software Evolution},
  year      = {2007},
  location  = {Amsterdam, The Netherlands},
}

@inproceedings{vries04facilitating,
  author    = {de Vries, D. and Roddick, J.F.},
  title     = {Facilitating Database Attribute Domain Evolution Using Meso-data},
  booktitle = {Proc. Workshop on Evolution and Change in Data Management},
  pages     = {429--440},
  year      = {2004},
  location  = {Shanghai, China},
}

@inproceedings{dig07cms,
  author    = {Dig, D. and Manzoor, K. and Johnson, R. and Nguyen, T.N.},
  title     = {Refactoring-Aware Configuration Management for Object-Oriented Programs},
  booktitle = {Proc. International Conference on Software Engineering},
  year      = {2007},
  pages     = {427--436},
  location  = {Minneapolis, Minnesota, USA},
  publisher = {IEEE Computer Society},
}

@inproceedings{su01xem,
  author    = {Su, H. and Kramer, D. and Chen, L. and Claypool, K.T. and Rundensteiner, E.A.},
  title     = {{XEM}: Managing the evolution of {XML} Documents},
  booktitle = {Proc. Workshop on Research Issues in Data Engineering},
  pages     = {103--110},
  year      = {2001},
  location  = {Heidelberg, Germany},
}

@inproceedings{rose08egl,
  author    = {Rose, L.M. and Paige, R.F. and Kolovos, D.S. and Polack, F.A.C.},
  title     = {{The Epsilon Generation Language}},
  booktitle = {Proc. European Conference on Model Driven Architecture -- Foundations and Applications},
  pages     = {1--16},
  year      = {2008},
  location  = {Berlin, Germany},
  series    = {LNCS},
  volume    = {5095},
  publisher = {Springer},
}

@inproceedings{rose09analysis,
  author    = {Rose, L.M. and Paige, R.F. and Kolovos, D.S. and Polack, F.A.C.s},
  title	    = {An Analysis of Approaches to Model Migration},
  booktitle = {Proc. Joint {MoDSE-MCCM} Workshop},
  year	    = {2009},
  location  = {Denver, United States of America},
}

@inproceedings{rose10coevolution,
  author    = {Rose, L.M. and Etien, A. and M\'{e}ndez, D. and Kolovos, D.S. and Paige, R.F. and Polack, F.A.C.},
  title	    = {Comparing Model-Metamodel and Transformation-Metamodel Co-evolution},
  booktitle = {Proc. ME Workshop},
  year	    = {2010},
  location  = {Oslo, Norway},
}

@inproceedings{tisi09hot,
  author    = {Tisi, M. and Jouault, F. and Fraternali, P. and Ceri, S. and B{\'e}zivin, J.},
  title     = {On the Use of Higher-Order Model Transformations},
  booktitle = {Proc. ECMDA-FA},
  year      = {2009},
  pages     = {18--33},
  publisher = {Springer},
  series    = {Lecture Notes in Computer Science},
  volume    = {5562},
  location  = {Enschede, The Netherlands}
}

@inproceedings{delara10generic,
  author    = {de Lara, J. and Guerra, E.},
  title     = {Generic Meta-modelling with Concepts, Templates and Mixin Layers},
  booktitle = {Proc. MoDELS (1)},
  year      = {2010},
  pages     = {16--30},
  publisher = {Springer},
  series    = {Lecture Notes in Computer Science},
  volume    = {6394},
  location  = {Oslo, Norway}
}

@inproceedings{mendez10towards,
  author    = {M\'{e}ndez, D. and Etien, A. and Muller, A. and Casallas, R.},
  title	    = {Towards Transformation Migration After Metamodel Evolution},
  booktitle = {Proc. ME Workshop},
  year	    = {2010},
  location  = {Oslo, Norway},
}

@inproceedings{jurack10towards,
  author    = {Jurack, S. and Mantz, F.},
  title	    = {Towards Metamodel Evolution of {EMF} Models with {Henshin}},
  booktitle = {Proc. ME Workshop},
  year	    = {2010},
  location  = {Oslo, Norway},
}

@inproceedings{rose10flock,
  author    = {Rose, L.M. and Kolovos, D.S. and Paige, R.F. and Polack, F.A.C},
  title	    = {Model Migration with {Epsilon Flock}},
  booktitle = {Proc. ICMT},
  year      = {2010},
  pages     = {184--198},
  publisher = {Springer},
  series    = {Lecture Notes in Computer Science},
  volume    = {6142},
  location  = {Malaga, Spain}
}
  
@inproceedings{rose10comparison,
  author    = {Rose, L.M. and Herrmannsdoerfer, M. and Williams, J.R. and Kolovos, D.S. and Garc\'{e}s,, K. and Paige, R.F. and Polack, F.A.C.},
  title	    = {A Comparison of Model Migration Tools},
  booktitle = {Proc. MoDELS},
  year	    = {2010},
  pages     = {TBC},
  publisher = {Springer},
  series    = {Lecture Notes in Computer Science},
  volume    = {TBC},
  location  = {Oslo, Norway}
}

@inproceedings{rose10ttc_case,
  author    = {Rose, L.M. and Kolovos, D.S. and Paige, R.F. and Polack, F.A.C.},
  title	    = {Model Migration Case},
  booktitle = {Proc. TTC},
  year	    = {2010},
  location  = {Malaga, Spain},
}

@inproceedings{rose10ttc_solution,
  author    = {Rose, L.M. and Kolovos, D.S. and Paige, R.F. and Polack, F.A.C.},
  title	    = {Migrating Activity Diagrams with {Epsilon Flock}},
  booktitle = {Proc. TTC},
  year	    = {2010},
  location  = {Malaga, Spain},
}

@inproceedings{herrmannsdoerfer09gmf,
  author = {Herrmannsdoerfer, M., and Ratiu, D., and Wachsmuth, G.},
  title = {Language Evolution in Practice},
  booktitle = {Proc. SLE},
  year = {2009},
  volume = {5696},
  series = {LNCS},
  pages = {3--22},
  publisher = {Springer},
  location = {Denver, USA}
}

@inproceedings{arendt09refactoring,
  author    = {Arendt, T. and Mantz, F. and Schneider, L. and Taentzer, G.},
  title	    = {Model Refactoring in Eclipse by {LTK}, {EWL}, and {EMF Refactor}: A Case Study},
  booktitle = {Proc. Joint {MoDSE-MCCM} Workshop},
  year	    = {2009},
  location  = {Denver, United States of America},
}

@inproceedings{brooks86nosilverbullet,
  author    = {Brooks, F.P.},
  title     = {No Silver Bullet -- Essence and Accident in Software Engineering (Invited Paper)},
  booktitle = {Proc. International Federation for Information Processing},
  year      = {1986},
  pages     = {1069--1076},
  location  = {Dublin, Ireland},
}

@inproceedings{kolovos06eol,
  author    = {Kolovos, D.S. and Paige, R.F. and Polack, F.A.},
  title     = {{The Epsilon Object Language (EOL)}},
  booktitle = {Proc. {ECMDA-FA}},
  year      = {2006},
  pages     = {128--142},
  location  = {Bilbao, Spain},
  series    = {LNCS},
  volume    = {4066},
  publisher = {Springer},
}

@inproceedings{dig06detection,
  author    = {Dig, D. and Comertoglu, C. and Marinov, D. and Johnson, R.},
  title     = {Automated Detection of Refactorings in Evolving Components},
  booktitle = {Proc. European Conference on Object-Oriented Programming},
  year      = {2006},
  pages     = {404--428},
  location  = {Nantes, France},
  series    = {LNCS},
  volume    = {4067},
  publisher = {Springer},
}

@inproceedings{gabriel90lisp,
  author    = {Gabriel, R.P.},
  booktitle = {Proc. Practical Application of Lisp},
  title     = {Lisp: Good News; Bad News; How to Win Big},
  year      = {1990},
  location  = {Cambridge, England, UK},
}

@inproceedings{sprinkle02domain,
  author    = {Sprinkle, J. and Agrawal, A. and Levendovszky, T. and Shi, F. and Karsai, G.},
  title     = {Domain Model Evolution in Visual Languages Using Graph Transformations},
  booktitle = {Proc. Workshop on Domain-Specific Visual Languages},
  year      = {2002},
  location  = {Seattle, WA, USA},
}

@inproceedings{deursen02video,
  author    = {van Deursen, A. and Moonen, L.},
  title     = {The Video Store Revisited: Thoughts on Refactoring and Testing},
  booktitle = {Extreme Programming and Flexible Processes in Software Engineering},
  year      = {2002},
  location  = {Alghero, Sardinia, Italy},
}

@inproceedings{dig06automatic,
  author    = {Dig, D. and Johnson, R.},
  title     = {Automated upgrading of component-based applications},
  booktitle = {OOPSLA Companion},
  year      = {2006},
  pages     = {675--676},
  location  = {Portland, Oregon, USA}
}

@inproceedings{rose08hutn,
  author       = {Rose, L.M. and Paige, R.F. and Kolovos, D.S. and Polack, F.A.C.},
  title        = {Constructing Models with the {Human-Usable Textual Notation}},
  booktitle    = {Proc. International Conference on Model Driven Engineering Languages and Systems},
  pages        = {249--263},
  year         = {2008},
  series       = {LNCS},
  volume       = {5301},
  publisher    = {Springer},
  location     = {Toulouse, France},
}

@inproceedings{rose09enhanced,
  author       = {Rose, L.M. and Kolovos, D.S. and Paige, R.F. and Polack, F.A.C.},
  title        = {Enhanced Automation for Managing Model and Metamodel Inconsistency},
  booktitle    = {Proc. {ASE}},
  year         = {2009},
  publisher    = {ACM Press},
  location     = {Auckland, New Zealand},
  pages        = {545--549},
}

@inproceedings{paige08automated,
  author       = {Paige, R.F. and Rose, L.M. and Ge, X. and Kolovos, D.S. and Brooke, P.J.},
  title        = {Automated Safety Analysis for Domain-Specific Languages},
  booktitle    = {Proc. International Workshop on Non-functional System Properties in Domain Specific Modeling Languages},
  year         = {2008},
  location     = {Toulouse, France},
}

@inproceedings{rose10concordance,
  author    = {Rose, L.M. and Kolovos, D.S. and Drivalos, N. and Williams, J.R. and Paige, R.F. and Polack, F.A.C. and Fernandes, K.J.},
  title     = {Concordance: An Efficient Framework for Managing Model Integrity},
  booktitle = {Proc. European Conference on Modelling Foundations and Applications},
  pages     = {62--73},
  year      = {2010},
  series    = {LNCS},
  volume    = {6138},
  publisher = {Springer},
  location  = {Paris, France},
}

@inproceedings{muller05hutn,
  author    = {Muller, P. and Hassenforder, M.},
  title     = {{HUTN as a Bridge between ModelWare and GrammarWare}},
  booktitle = {Proc. Workshop in Software Modelling Engineering},
  year      = {2005},
  location  = {Montego Bay, Jamaica}
}

@inproceedings{lammel01grammar_adaptation,
  author    = {L{\"a}mmel, R.},
  title     = {Grammar Adaptation},
  booktitle = {Proc. Formal Methods for Increasing Software Productivity (FME), International Symposium of Formal Methods Europe},
  year      = {2001},
  publisher = {Springer},
  series    = {LNCS},
  volume    = {2021},
  pages     = {550--570},
  location  = {Berlin, Germany}
}

@inproceedings{lammel01semiautomatic,
  author    = {L{\"a}mmel, R.},
  title     = {Grammar Adaptation},
  booktitle = {Proc. Formal Methods for Increasing Software Productivity (FME), International Symposium of Formal Methods Europe},
  year      = {2001},
  publisher = {Springer},
  series    = {LNCS},
  volume    = {2021},
  pages     = {550--570},
  location  = {Berlin, Germany}
}

@inproceedings{lammel02towards,
  author    = {L{\"a}mmel, R.},
  title     = {Towards generic refactoring},
  booktitle = {Proc. ACM SIGPLAN Workshop on Rule-Based Programming},
  year      = {2002},
  publisher = {ACM},
  pages     = {15--28},
  location  = {Pittsburgh, USA}
}

@inproceedings{lammel02towards,
  author    = {L{\"a}mmel, R.},
  title     = {Towards generic refactoring},
  booktitle = {Proc. ACM SIGPLAN Workshop on Rule-Based Programming},
  year      = {2002},
  publisher = {ACM},
  pages     = {15--28},
  location  = {Pittsburgh, USA}
}

@inproceedings{pizka07automating,
  author    = {Pizka, M. and J{\"u}rgens, E.},
  title     = {Automating Language Evolution},
  booktitle = {Proc. Joint IEEE/IFIP Symposium on Theoretical Aspects of Software Engineering (TASE)},
  year      = {2007},
  publisher = {IEEE Computer Society},
  pages     = {305--315},
  location  = {Shanghai, China}
}


@inproceedings{occam_pi,
  author    = {Welch, P.H. and Barnes, F.R.M.},
  title     = {Communicating Mobile Processes},
  booktitle = {Proc. Symposium on the Occasion of 25 Years of Communicating Sequential Processes (CSP)},
  year      = {2005},
  pages     = {175-210},
  publisher = {Springer},
  series    = {LNCS},
  volume    = {3525},
  year      = {2005},
  location  = {London, UK},
}

@inproceedings{mola,
  author    = {Kalnins, A. and Barzdins, J. and Celms, E.},
  title     = {Model Transformation Language {MOLA}},
  booktitle = {Proc. Model Driven Architecture, European MDA Workshops: Foundations
               and Applications MDAFA},
  pages     = {62--76},
  publisher = {Springer},
  series    = {Lecture Notes in Computer Science},
  volume    = {3599},
  year      = {2005},
}

@inproceedings{grgen,
  author    = {Gei{\ss}, R. and Kroll, M.},
  title     = {GrGen.NET: A Fast, Expressive, and General Purpose Graph
               Rewrite Tool},
  booktitle = {Proc. Applications of Graph Transformations with Industrial Relevance (AGTIVE)},
  year      = {2007},
  pages     = {568--569},
  publisher = {Springer},
  series    = {Lecture Notes in Computer Science},
  volume    = {5088},
  year      = {2008},
}

@inproceedings{fujaba,
  author    = {Nickel, U. and Niere, J. and Z{\"u}ndorf, A.},
  title     = {The {FUJABA} environment},
  booktitle = {Proc. International Conference on Software Engineering (ICSE)},
  year      = {2000},
  pages     = {742--745},
  publisher = {ACM},
  address   = {New York, NY, USA},
}

@mastersthesis{kramer01xem,
  author  = {Kramer, D.},
  title   = {{XEM: XML Evolution Management}},
  school  = {Worcester Polytechnic Institute, MA, USA},
  year    = {2001},
}

@phdthesis{sprinkle03thesis,
  author = {Sprinkle, J.},
  title  = {Metamodel Driven Model Migration},
  school = {Vanderbilt University, TN, USA},
  year   = {2003},
}

@phdthesis{melnik04thesis,
  author = {Melnik, S.},
  title  = {Generic Model Management: Concepts and Algorithms},
  school = {University of Leipzig, Germany},
  year   = {2004},
}

@phdthesis{dig07thesis,
  author = {Dig, D.},
  title  = {Automated Upgrading of Component-Based Applications},
  school = {University of Illinois at Urbana-Champaign, USA},
  year   = {2007},
}

@phdthesis{kurtev04thesis,
  author = {Kurtev, I.},
  title  = {Adaptability of Model Transformations},
  school = {University of Twente, Netherlands},
  year   = {2004},
}

@phdthesis{cicchetti08thesis,
  author = {Cicchetti, A.},
  title  = {Difference Representation and Conflict Management in {Model-Driven Engineering}},
  school = {Universita' degli Studi dell'Aquila, L'Aquila, Italy},
  year   = {2008},
}

@phdthesis{opdyke92refactoring,
  author = {Opdyke, W.F.},
  title  = {Refactoring Object-Oriented Frameworks},
  school = {University of Illinois at Urbana-Champaign, IL, USA},
  year   = {1992},
}

@phdthesis{kolovos09thesis,
  author = {Kolovos, D.S.},
  title  = {An Extensible Platform for Specification of Integrated Languages for Model Management},
  school = {University of York, United Kingdom},
  year   = {2009},
}


@techreport{hoare73hints,
  author      = {Hoare, C.A.R.},
  title       = {Hints on programming language design},
  year        = {1973},
  institution = {Stanford University},
}

@techreport{rae04challenges,
	title       = {The Challenges of Complex {IT} Projects},
	author      = {The RAE and The BCS},
	institution = {The Royal Academy of Engineering},
	month       = {April},
	year        = {2004},
}

@techreport{northrop06ulss,
	author      = {Northrop, L.},
	institution = {Carnegie Mellon},
	month       = {June},
	title       = {Ultra-Large Scale Systems: The Software Challenge of the Future},
	year        = {2006}
}

Online Resources:
@misc{kolovos09eugenia,
  author       = {Kolovos, D.S. and Paige, R.F. and Rose, L.M.},
  title        = {{EuGENia}: {GMF} for mortals},
  year         = 2009,
  howpublished = {Long talk at Eclipse Summit Europe, October 2009, Ludwigsburg, Germany. Available at:
                \url{https://www.eclipsecon.org/submissions/ese2009/view_talk.php?id=979} [Accessed 12 April 2010]}
}

@misc{bloch05apis,
  author       = {Bloch, J.},
  title        = {How to Design a Good {API} and Why it Matters [online]},
  year         = 2005,
  howpublished = {Keynote address to the LCSD Workshop at OOPSLA, October 2005, San Diego, United States of America. [Accessed 23 July 2009] Available at:
                \url{http://lcsd05.cs.tamu.edu/slides/keynote.pdf}}
}

@misc{hussey06advanced,
  author       = {Hussey, K. and Paternostro, M.},
  title        = {Advanced Features of {EMF}},
  year         = 2006,
  howpublished = {Tutorial at EclipseCon 2006, California, USA. [Accessed 07 September 2009] Available at:
                  \url{http://www.eclipsecon.org/2006/Sub.do?id=171}}
}

@misc{clark08superlanguages,
  author       = {Clark, T. and Sammut, P. and Willians, J.},
  title        = {Superlanguages: Developing Languages and Applications with {XMF} [online]},
  year         = 2008,
  howpublished = {[Accessed 30 June 2008] Available at:
                  \url{http://www.ceteva.com/docs/Superlanguages.pdf}}
}

@misc{mcneile03mda,
  author       = {McNeile, A.},
  title        = {{MDA}: The Vision with the Hole?},
  year         = 2003,
  howpublished = {[Accessed 30 June 2008] Available at:
                  \url{http://www.metamaxim.com/download/documents/MDAv1.pdf }}
}


Web pages:

@misc{fowler05language,
  author       = {Fowler, M.},
  title        = {Language Workbenches: The Killer-App for Domain Specific Languages? [online]},
  year         = 2005,
  howpublished = {[Accessed 30 June 2008] Available at:
                  \url{http://www.martinfowler.com/articles/languageWorkbench.html}}
}

Websites:

@misc{omg,
  author       = {OMG},
  title        = {{Object Management Group} Home Page [online]},
  year         = 2008,
  howpublished = {[Accessed 30 June 2008] Available at:
                  \url{http://www.omg.org}}
}

@misc{w3c,
  author       = {W3C},
  title        = {{World Wide Web Consortium} [online]},
  year         = 2007,
  howpublished = {[Accessed 30 June 2008] Available at:
                 \url{http://www.w3.org/}}
}

@misc{eclipse,
  author       = {Eclipse},
  title        = {Eclipse Project [online]},
  year         = {2008},
  howpublished = {[Accessed 20 January 2009] Available at:
                 \url{http://www.eclipse.org}}
}


Standards, Specs and Technologies:

@misc{z,
  author       = {ISO/IEC, Information Technology},
  title        = {{Z Formal Specification Notation -- Syntax, Type System and Semantics}},
  year         = 2002,
  howpublished = {{ISO 13568:2002 International Standard}}
}

@misc{ebnf,
  author       = {ISO/IEC, Information Technology},
  title        = {{Syntactic metalanguage -- Extended BNF}},
  year         = 1996,
  howpublished = {{ISO 14977:1996 International Standard}}
}

@misc{emf,
  author       = {Eclipse},
  title        = {{Eclipse Modeling Framework} Project [online]},
  year         = {2008},
  howpublished = {[Accessed 22 January 2009] Available at:
                 \url{http://www.eclipse.org/modeling/emf/}}
}

@misc{gmf,
  author       = {Eclipse},
  title        = {{Graphical Modelling Framework} Project [online]},
  year         = {2008},
  howpublished = {[Accessed 19 September 2008] Available at:
                 \url{http://www.eclipse.org/modeling/gmf/}}
}

@misc{cdo,
  author       = {Eclipse},
  title        = {{Connected Data Objects Model Repository Project Website} [online]},
  year         = 2010,
  howpublished = {[Accessed 15 February 2010] Available at:
                 \url{http://www.eclipse.org/modeling/emf/?project=cdo#cdo}}
}

@misc{gmt,
  author       = {Eclipse},
  title        = {{Generative Modelling Technologies} Project [online]},
  year         = {2008},
  howpublished = {[Accessed 30 June 2008] Available at:
                 \url{http://www.eclipse.org/gmt}}
}

@misc{mdt,
  author       = {Eclipse},
  title        = {{Model Development Tools} Project [online]},
  year         = {2009},
  howpublished = {[Accessed 6 January 2008] Available at:
                 \url{http://www.eclipse.org/modeling/mdt/}}
}

@misc{mdt_uml2,
  author       = {Eclipse},
  title        = {{UML2} {Model Development Tools} Project [online]},
  year         = {2009},
  howpublished = {[Accessed 7 September 2009] Available at:
                 \url{http://www.eclipse.org/modeling/mdt/uml2}}
}

@misc{epsilon,
  author       = {Eclipse},
  title        = {{Epsilon} Home page [online]},
  year         = {2008},
  howpublished = {[Accessed 30 June 2008] Available at:
                 \url{http://www.eclipse.org/gmt/epsilon/}}
}

@misc{mda,
  author       = {OMG},
  title        = {{Model Driven Architecture} [online]},
  year         = 2008,
  howpublished = {[Accessed 30 June 2008] Available at:
                 \url{http://www.omg.org/mda/}}
}

@misc{uml14,
  author       = {OMG},
  title        = {{Unified Modelling Language 1.4 Specification} [online]},
  year         = 2001,
  howpublished = {[Accessed 15 September 2008] Available at:
                 \url{http://www.omg.org/spec/UML/1.4/}}
}


@misc{uml212,
  author       = {OMG},
  title        = {{Unified Modelling Language 2.1.2 Specification} [online]},
  year         = 2007,
  howpublished = {[Accessed 30 June 2008] Available at:
                 \url{http://www.omg.org/spec/UML/2.1.2/}}
}

@misc{uml22,
  author       = {OMG},
  title        = {{Unified Modelling Language 2.2 Specification} [online]},
  year         = 2007,
  howpublished = {[Accessed 5 March 2010] Available at:
                 \url{http://www.omg.org/spec/UML/2.2/}}
}

@misc{cwm,
  author       = {OMG},
  title        = {{Common Warehouse Metamodel 1.1 Specification} [online]},
  year         = 2003,
  howpublished = {[Accessed 30 June 2008] Available at:
                 \url{http://www.omg.org/technology/documents/formal/cwm.htm}}
}

@misc{ocl2,
  author       = {OMG},
  title        = {{Object Constraint Language 2.0 Specification} [online]},
  year         = 2006,
  howpublished = {[Accessed 30 June 2008] Available at:
                 \url{http://www.omg.org/technology/documents/formal/ocl.htm}}
}

@misc{xmi,
  author       = {OMG},
  title        = {{XML Metadata Interchange 2.1.1 Specification} [online]},
  year         = {2007},
  howpublished = {[Accessed 30 June 2008] Available at:
                 \url{http://www.omg.org/technology/documents/formal/xmi.htm}}
}

@misc{hutn,
  author       = {OMG},
  title        = {{Human-Usable Textual Notation 1.0 Specification} [online]},
  year         = {2004},
  howpublished = {[Accessed 30 June 2008] Available at:
                 \url{http://www.omg.org/technology/documents/formal/hutn.htm}}
}

@misc{mof,
  author       = {OMG},
  title        = {{Meta-Object Facility} [online]},
  year         = {2008},
  howpublished = {[Accessed 30 June 2008] Available at:
                 \url{http://www.omg.org/mof}}
}

@misc{emfatic,
  author       = {IBM},
  title        = {{Emfatic Language for EMF Development} [online]},
  year         = 2005,
  howpublished = {[Accessed 30 June 2008] Available at:
                 \url{http://www.alphaworks.ibm.com/tech/emfatic}}
}

@misc{xmlschema,
  author       = {W3C},
  title        = {{W3C XML Schema 1.1 Specification} [online]},
  year         = 2007,
  howpublished = {[Accessed 30 June 2008] Available at:
                 \url{http://www.w3.org/XML/Schema}}
}

@misc{xmf,
  author       = {Ceteva},
  title        = {{XMF} -- The Extensible Programming Language [online]},
  year         = 2008,
  howpublished = {[Accessed 30 June 2008] Available at:
                 \url{http://www.ceteva.com/xmf.html}}
}

@misc{mps,
  author       = {JetBrains},
  title        = {{MPS -- Meta Programming System} [online]},
  year         = {2008},
  howpublished = {[Accessed 30 June 2008] Available at:
                 \url{http://www.jetbrains.com/mps/index.html}}
}

@misc{atl,
  author       = {ATLAS},
  title        = {{Atlas Transformation Language Project Website} [online]},
  year         = 2007,
  howpublished = {[Accessed 30 June 2008] Available at:
                 \url{http://www.eclipse.org/m2m/atl/}}
}

@misc{ltk,
  author       = {Frenzel, L.},
  title        = {The Language Toolkit: An {API} for Automated Refactorings in Eclipse-based {IDE}s [online]},
  year         = 2006,
  howpublished = {[Accessed 02 August 2010] Available at:
                 \url{http://www.eclipse.org/articles/Article-LTK/ltk.html}}
}

@misc{qvt,
  author       = {OMG},
  title        = {{MOF QVT Final Adopted Speciﬁcation} [online]},
  year         = 2005,
  howpublished = {[Accessed 22 July 2009] Available at:
                 \url{www.omg.org/docs/ptc/05-11-01.pdf}}
}

@misc{oaw,
  author       = {openArchitectureWare},
  title        = {{openArchitectureWare Project Website} [online]},
  year         = 2007,
  howpublished = {[Accessed 30 June 2008] Available at:
                 \url{http://www.eclipse.org/gmt/oaw/}}
}

@misc{xpand,
  author       = {openArchitectureWare},
  title        = {{XPand Language Reference} [online]},
  year         = 2008,
  howpublished = {[Accessed 18 August 2010] Available at:
                 \url{http://wiki.eclipse.org/AMMA}}
}

@misc{amma,
  author       = {{INRIA}},
  title        = {{AMMA} project page [online]},
  year         = 2007,
  howpublished = {[Accessed 30 June 2008] Available at:
                 \url{http://wiki.eclipse.org/AMMA}}
}

@misc{nucleardef,
  author       = {Merriam-Webster},
  title        = {{Definition of Nuclear Family}},
  year         = {2010},
  howpublished = "\url{http://www.merriam-webster.com/dictionary/nuclear%20family}"
}